@article{Sturmfels1802,
  title={Learning Algebraic Varieties from Samples},
  author={Breiding, Paul and Verovsek, Sara Kalisnik and Sturmfels, Bernd and Weinstein, Madeleine},
  journal={arXiv preprint arXiv:1802.09436},
  year={2018}
}

@article{HillsGrutterHudson,
  title={An algorithm for discovering Lagrangians automatically from data},
  author={Hills, Daniel JA and Gr{\"u}tter, Adrian M and Hudson, Jonathan J},
  journal={PeerJ Computer Science},
  volume={1},
  pages={e31},
  year={2015},
  publisher={PeerJ Inc.}
}

@article{WibisonoWilsonJordan,
  title={A variational perspective on accelerated methods in optimization},
  author={Wibisono, Andre and Wilson, Ashia C and Jordan, Michael I},
  journal={Proceedings of the National Academy of Sciences},
  volume={113},
  number={47},
  pages={E7351--E7358},
  year={2016},
  publisher={National Acad Sciences}
}

@article{JinHolLag,
  title={Holomorphic Lagrangian branes correspond to perverse sheaves},
  author={Jin, Xin},
  journal={Geometry \& Topology},
  volume={19},
  number={3},
  pages={1685--1735},
  year={2015},
  publisher={Mathematical Sciences Publishers}
}

@article{BruntonProctorKutz,
  title={Discovering governing equations from data by sparse identification of nonlinear dynamical systems},
  author={Brunton, Steven L and Proctor, Joshua L and Kutz, J Nathan},
  journal={Proceedings of the National Academy of Sciences},
  volume={113},
  number={15},
  pages={3932--3937},
  year={2016},
  publisher={National Acad Sciences}
}

@article{VossTimmerKurths,
  title={Nonlinear dynamical system identification from uncertain and indirect measurements},
  author={Voss, Henning U and Timmer, Jens and Kurths, J{\"u}rgen},
  journal={International Journal of Bifurcation and Chaos},
  volume={14},
  number={06},
  pages={1905--1933},
  year={2004},
  publisher={World Scientific}
}

@article{FaradonbehTewari,
  title={Finite Time Identification in Unstable Linear Systems},
  author={Faradonbeh, Mohamad Kazem Shirani and Tewari, Ambuj and Michailidis, George},
  journal={arXiv preprint arXiv:1710.01852},
  year={2017}
}

@article{DufresneEdwardsHarrington,
  title={Sampling real algebraic varieties for topological data analysis},
  author={Dufresne, Emilie and Edwards, Parker B and Harrington, Heather A and Hauenstein, Jonathan D},
  journal={arXiv preprint arXiv:1802.07716},
  year={2018}
}

@article{JhaRoyBhasin,
  title={Data-Driven Adaptive LQR for Completely Unknown LTI Systems},
  author={Jha, Sumit Kumar and Roy, Sayan Basu and Bhasin, Shubhendu},
  journal={IFAC-PapersOnLine},
  volume={50},
  number={1},
  pages={4156--4161},
  year={2017},
  publisher={Elsevier}
}

@article{SaKamelKhanna,
  title={Dynamic System Identification, and Control for a cost effective open-source VTOL MAV},
  author={Sa, Inkyu and Kamel, Mina and Khanna, Raghav and Popovic, Marija and Nieto, Juan and Siegwart, Roland},
  journal={arXiv preprint arXiv:1701.08623},
  year={2017}
}

@ARTICLE{SimchowitzManiaTuJordanRecht,
   author = {{Simchowitz}, M. and {Mania}, H. and {Tu}, S. and {Jordan}, M.~I. and 
	{Recht}, B.},
    title = "{Learning Without Mixing: Towards A Sharp Analysis of Linear System Identification}",
  journal = {ArXiv e-prints},
archivePrefix = "arXiv",
   eprint = {1802.08334},
 primaryClass = "cs.LG",
 keywords = {Computer Science - Learning, Mathematics - Optimization and Control, Statistics - Machine Learning},
     year = 2018,
    month = feb,
   adsurl = {http://adsabs.harvard.edu/abs/2018arXiv180208334S},
  adsnote = {Provided by the SAO/NASA Astrophysics Data System}
}

@ARTICLE{KuznetsovMohri,
   author = {{Kuznetsov}, V. and {Mohri}, M.},
    title = "{Theory and Algorithms for Forecasting Time Series}",
  journal = {ArXiv e-prints},
archivePrefix = "arXiv",
   eprint = {1803.05814},
 primaryClass = "cs.LG",
 keywords = {Computer Science - Learning},
     year = 2018,
    month = mar,
   adsurl = {http://adsabs.harvard.edu/abs/2018arXiv180305814K},
  adsnote = {Provided by the SAO/NASA Astrophysics Data System}
}

@misc{nLab,
  author = {{nLab authors}},
  title = {{{L}}agrangian correspondence},
  howpublished = {\url{http://ncatlab.org/nlab/show/Lagrangian\%20correspondence}},
  note = {\href{http://ncatlab.org/nlab/revision/Lagrangian\%20correspondence/11}{Revision 11}},
  month = apr,
  year = 2018
}

@ARTICLE{WenkGotovosGorbach,
   author = {{Wenk}, P. and {Gotovos}, A. and {Bauer}, S. and {Gorbach}, N. and 
	{Krause}, A. and {Buhmann}, J.~M.},
    title = "{Fast Gaussian Process Based Gradient Matching for Parameter Identification in Systems of Nonlinear ODEs}",
  journal = {ArXiv e-prints},
archivePrefix = "arXiv",
   eprint = {1804.04378},
 primaryClass = "stat.ML",
 keywords = {Statistics - Machine Learning, Computer Science - Learning},
     year = 2018,
    month = apr,
   adsurl = {http://adsabs.harvard.edu/abs/2018arXiv180404378W},
  adsnote = {Provided by the SAO/NASA Astrophysics Data System}
}


@ARTICLE{FattahiSojoudi,
   author = {{Fattahi}, S. and {Sojoudi}, S.},
    title = "{Data-Driven Sparse System Identification}",
  journal = {ArXiv e-prints},
archivePrefix = "arXiv",
   eprint = {1803.07753},
 keywords = {Computer Science - Systems and Control, Statistics - Machine Learning},
     year = 2018,
    month = mar,
   adsurl = {http://adsabs.harvard.edu/abs/2018arXiv180307753F},
  adsnote = {Provided by the SAO/NASA Astrophysics Data System}
}

@article{HardtMaRecht,
  title={Gradient descent learns linear dynamical systems},
  author={Hardt, Moritz and Ma, Tengyu and Recht, Benjamin},
  journal={arXiv preprint arXiv:1609.05191},
  year={2016}
}

@ARTICLE{WehrheimWoodward,
   author = {{Wehrheim}, K. and {Woodward}, C.~T.},
    title = "{Floer Cohomology and Geometric Composition of Lagrangian Correspondences}",
  journal = {ArXiv e-prints},
archivePrefix = "arXiv",
   eprint = {0905.1368},
 primaryClass = "math.SG",
 keywords = {Mathematics - Symplectic Geometry, Mathematics - Analysis of PDEs, 53D40, 57R56},
     year = 2009,
    month = may,
   adsurl = {http://adsabs.harvard.edu/abs/2009arXiv0905.1368W},
  adsnote = {Provided by the SAO/NASA Astrophysics Data System}
}